<?xml version="1.0" encoding="UTF-8"?><collection xmlns="http://www.loc.gov/MARC21/slim"><record><leader>00334nam--2200121-i-4500</leader><controlfield tag="001">000003913</controlfield><controlfield tag="002">20161230</controlfield><controlfield tag="005">20161230201025</controlfield><controlfield tag="008">060222s1000------------r-----000-0-eng-d</controlfield><datafield ind1=" " ind2=" " tag="080"><subfield code="a">66.02(024):58</subfield></datafield><datafield ind1=" " ind2=" " tag="245"><subfield code="a">Aparate di instalatii in industria chimica</subfield></datafield><datafield ind1=" " ind2=" " tag="260"><subfield code="a">Bucuresti, Editura Tehnica, 1952. 640 P. + 1 Pl. + 1 Diagr</subfield></datafield><datafield ind1=" " ind2=" " tag="852"><subfield code="a">2827</subfield></datafield></record></collection>